
% Journals

% First the Full Name is given, then the abbreviation used in the AMS Math
% Reviews, with an indication if it could not be found there.
% Note the 2nd overwrites the 1st, so swap them if you want the full name.

 %{AMS}
 @String{AMSTrans = "American Mathematical Society Translations" }
 @String{AMSTrans = "Amer. Math. Soc. Transl." }
 @String{BullAMS = "Bulletin of the American Mathematical Society" }
 @String{BullAMS = "Bull. Amer. Math. Soc." }
 @String{ProcAMS = "Proceedings of the American Mathematical Society" }
 @String{ProcAMS = "Proc. Amer. Math. Soc." }
 @String{TransAMS = "Transactions of the American Mathematical Society" }
 @String{TransAMS = "Trans. Amer. Math. Soc." }

 %ACM
 @String{CACM = "Communications of the {ACM}" }
 @String{CACM = "Commun. {ACM}" }
 @String{CompServ = "Comput. Surveys" }
 @String{JACM = "J. ACM" }
 @String{ACMMathSoft = "{ACM} Transactions on Mathematical Software" }
 @String{ACMMathSoft = "{ACM} Trans. Math. Software" }
 @String{SIGNUM = "{ACM} {SIGNUM} Newsletter" }
 @String{SIGNUM = "{ACM} {SIGNUM} Newslett." }

 @String{AmerSocio = "American Journal of Sociology" }
 @String{AmerStatAssoc = "Journal of the American Statistical Association" }
 @String{AmerStatAssoc = "J. Amer. Statist. Assoc." }
 @String{ApplMathComp = "Applied Mathematics and Computation" }
 @String{ApplMathComp = "Appl. Math. Comput." }
 @String{AmerMathMonthly = "American Mathematical Monthly" }
 @String{AmerMathMonthly = "Amer. Math. Monthly" }
 @String{BIT = "{BIT}" }
 @String{BritStatPsych = "British Journal of Mathematical and Statistical
          Psychology" }
 @String{BritStatPsych = "Brit. J. Math. Statist. Psych." }
 @String{CanMathBull = "Canadian Mathematical Bulletin" }
 @String{CanMathBull = "Canad. Math. Bull." }
 @String{CompApplMath = "Journal of Computational and Applied Mathematics" }
 @String{CompApplMath = "J. Comput. Appl. Math." }
 @String{CompPhys = "Journal of Computational Physics" }
 @String{CompPhys = "J. Comput. Phys." }
 @String{CompStruct = "Computers and Structures" }
 @String{CompStruct = "Comput. \& Structures" }
 @String{CompJour = "The Computer Journal" }
 @String{CompJour = "Comput. J." }
 @String{CompSysSci = "Journal of Computer and System Sciences" }
 @String{CompSysSci = "J. Comput. System Sci." }
 @String{Computing = "Computing" }
 @String{ContempMath = "Contemporary Mathematics" }
 @String{ContempMath = "Contemp. Math." }
 @String{Crelle = "Crelle's Journal" }
 @String{GiornaleMath = "Giornale di Mathematiche" }
 @String{GiornaleMath = "Giorn. Mat." } % didn't find in AMS MR., ibid.

 %IEEE
 @String{Computer = "{IEEE} Computer" }
 @String{IEEETransComp = "{IEEE} Transactions on Computers" }
 @String{IEEETransComp = "{IEEE} Trans. Comput." }
 @String{IEEETransAC = "{IEEE} Transactions on Automatic Control" }
 @String{IEEETransAC = "{IEEE} Trans. Automat. Control" }
 @String{IEEESpec = "{IEEE} Spectrum" } % didn't find in AMS MR
 @String{ProcIEEE = "Proceedings of the {IEEE}" }
 @String{ProcIEEE = "Proc. {IEEE}" } % didn't find in AMS MR
 @String{IEEETransAeroElec = "{IEEE} Transactions on Aerospace and Electronic
     Systems" }
 @String{IEEETransAeroElec = "{IEEE} Trans. Aerospace Electron. Systems" }

 @String{IMANumerAna = "{IMA} Journal of Numerical Analysis" }
 @String{IMANumerAna = "{IMA} J. Numer. Anal." }
 @String{InfProcLet = "Information Processing Letters" }
 @String{InfProcLet = "Inform. Process. Lett." }
 @String{InstMathApp = "Journal of the Institute of Mathematics and
     its Applications" }
 @String{InstMathApp = "J. Inst. Math. Appl." }
 @String{IntControl = "International Journal of Control" }
 @String{IntControl = "Internat. J. Control" }
 @String{IntNumerEng = "International Journal for Numerical Methods in
     Engineering" }
 @String{IntNumerEng = "Internat. J. Numer. Methods Engrg." }
 @String{IntSuper = "International Journal of Supercomputing Applications" }
 @String{IntSuper = "Internat. J. Supercomputing Applic." } % didn't find
%% in AMS MR
 @String{Kibernetika = "Kibernetika" }
 @String{JResNatBurStand = "Journal of Research of the National Bureau
     of Standards" }
 @String{JResNatBurStand = "J. Res. Nat. Bur. Standards" }
 @String{LinAlgApp = "Linear Algebra and its Applications" }
 @String{LinAlgApp = "Linear Algebra Appl." }
 @String{MathAnaAppl = "Journal of Mathematical Analysis and Applications" }
 @String{MathAnaAppl = "J. Math. Anal. Appl." }
 @String{MathAnnalen = "Mathematische Annalen" }
 @String{MathAnnalen = "Math. Ann." }
 @String{MathPhys = "Journal of Mathematical Physics" }
 @String{MathPhys = "J. Math. Phys." }
 @String{MathComp = "Mathematics of Computation" }
 @String{MathComp = "Math. Comp." }
 @String{MathScand = "Mathematica Scandinavica" }
 @String{MathScand = "Math. Scand." }
 @String{TablesAidsComp = "Mathematical Tables and Other Aids to Computation" }
 @String{TablesAidsComp = "Math. Tables Aids Comput." }
 @String{NumerMath = "Numerische Mathematik" }
 @String{NumerMath = "Numer. Math." }
 @String{PacificMath = "Pacific Journal of Mathematics" }
 @String{PacificMath = "Pacific J. Math." }
 @String{ParDistComp = "Journal of Parallel and Distributed Computing" }
 @String{ParDistComp = "J. Parallel and Distrib. Comput." } % didn't find
%% in AMS MR
 @String{ParComputing = "Parallel Computing" }
 @String{ParComputing = "Parallel Comput." }
 @String{PhilMag = "Philosophical Magazine" }
 @String{PhilMag = "Philos. Mag." }
 @String{ProcNAS = "Proceedings of the National Academy of Sciences
                    of the USA" }
 @String{ProcNAS = "Proc. Nat. Acad. Sci. U. S. A." }
 @String{Psychometrika = "Psychometrika" }
 @String{QuartMath = "Quarterly Journal of Mathematics, Oxford, Series (2)" }
 @String{QuartMath = "Quart. J. Math. Oxford Ser. (2)" }
 @String{QuartApplMath = "Quarterly of Applied Mathematics" }
 @String{QuartApplMath = "Quart. Appl. Math." }
 @String{RevueInstStat = "Review of the International Statisical Institute" }
 @String{RevueInstStat = "Rev. Inst. Internat. Statist." }

 %SIAM
 @String{JSIAM = "Journal of the Society for Industrial and Applied
     Mathematics" }
 @String{JSIAM = "J. Soc. Indust. Appl. Math." }
 @String{JSIAMB = "Journal of the Society for Industrial and Applied
     Mathematics, Series B, Numerical Analysis" }
 @String{JSIAMB = "J. Soc. Indust. Appl. Math. Ser. B Numer. Anal." }
 @String{SIAMAlgMeth = "{SIAM} Journal on Algebraic and Discrete Methods" }
 @String{SIAMAlgMeth = "{SIAM} J. Algebraic Discrete Methods" }
 @String{SIAMAppMath = "{SIAM} Journal on Applied Mathematics" }
 @String{SIAMAppMath = "{SIAM} J. Appl. Math." }
 @String{SIAMComp = "{SIAM} Journal on Computing" }
 @String{SIAMComp = "{SIAM} J. Comput." }
 @String{SIAMMatrix = "{SIAM} Journal on Matrix Analysis and Applications" }
 @String{SIAMMatrix = "{SIAM} J. Matrix Anal. Appl." }
 @String{SIAMNumAnal = "{SIAM} Journal on Numerical Analysis" }
 @String{SIAMNumAnal = "{SIAM} J. Numer. Anal." }
 @String{SIAMReview = "{SIAM} Review" }
 @String{SIAMReview = "{SIAM} Rev." }
 @String{SIAMSciStat = "{SIAM} Journal on Scientific and Statistical
     Computing" }
 @String{SIAMSciStat = "{SIAM} J. Sci. Statist. Comput." }

 @String{SoftPracExp = "Software Practice and Experience" }
 @String{SoftPracExp = "Software Prac. Experience" } % didn't find in AMS MR
 @String{StatScience = "Statistical Science" }
 @String{StatScience = "Statist. Sci." }
 @String{Techno = "Technometrics" }
 @String{USSRCompMathPhys = "{USSR} Computational Mathematics and Mathematical
     Physics" }
 @String{USSRCompMathPhys = "{U. S. S. R.} Comput. Math. and Math. Phys." }
 @String{VLSICompSys = "Journal of {VLSI} and Computer Systems" }
 @String{VLSICompSys = "J. {VLSI} Comput. Syst." }
 @String{ZAngewMathMech = "Zeitschrift fur Angewandte Mathematik und
     Mechanik" }
 @String{ZAngewMathMech = "Z. Angew. Math. Mech." }
 @String{ZAngewMathPhys = "Zeitschrift fur Angewandte Mathematik und Physik" }
 @String{ZAngewMathPhys = "Z. Angew. Math. Phys." }

% Publishers % ================================================= |

 @String{Academic = "Academic Press" }
 @String{ACMPress = "{ACM} Press" }
 @String{AdamHilger = "Adam Hilger" }
 @String{AddisonWesley = "Addison-Wesley" }
 @String{AllynBacon = "Allyn and Bacon" }
 @String{AMS = "American Mathematical Society" }
 @String{Birkhauser = "Birkha{\"u}ser" }
 @String{CambridgePress = "Cambridge University Press" }
 @String{Chelsea = "Chelsea" }
 @String{ClaredonPress = "Claredon Press" }
 @String{DoverPub = "Dover Publications" }
 @String{Eyolles = "Eyolles" }
 @String{HoltRinehartWinston = "Holt, Rinehart and Winston" }
 @String{Interscience = "Interscience" }
 @String{JohnsHopkinsPress = "The Johns Hopkins University Press" }
 @String{JohnWileySons = "John Wiley and Sons" }
 @String{Macmillan = "Macmillan" }
 @String{MathWorks = "The Math Works Inc." }
 @String{McGrawHill = "McGraw-Hill" }
 @String{NatBurStd = "National Bureau of Standards" }
 @String{NorthHolland = "North-Holland" }
 @String{OxfordPress = "Oxford University Press" }  %address Oxford or London?
 @String{PergamonPress = "Pergamon Press" }
 @String{PlenumPress = "Plenum Press" }
 @String{PrenticeHall = "Prentice-Hall" }
 @String{SIAMPub = "{SIAM} Publications" }
 @String{Springer = "Springer-Verlag" }
 @String{TexasPress = "University of Texas Press" }
 @String{VanNostrand = "Van Nostrand" }
 @String{WHFreeman = "W. H. Freeman and Co." }

%Entries

@online{Liew23,
  author =    {Isabelle Liew},
  title =  {HDB resale prices rise 2.3 percent in Q4, slowest increase in 2022},
  year = 2023,
  month = feb,
  url =    {https://www.straitstimes.com/singapore/housing/hdb-resale-prices-rise-23-in-q4-slowest-increase-in-2022},
  lastaccessed = {April 15, 2023}
  }
  
@online{Yong23,
  author =    {Hui Ting Yong},
  title =  {HDB resale prices accelerate in Jan as million-dollar deals surge by 42 percent: SRX, 99.co},
  year = 2023,
  month = feb,
  url =    {https://www.businesstimes.com.sg/property/hdb-resale-prices-accelerate-jan-million-dollar-deals-surge-42-srx-99co},
  lastaccessed = {April 15, 2023}
  }


@article{helbich2013,
	title = {Spatial Heterogeneity in Hedonic House Price Models: The Case of Austria},
	author = {Helbich, Marco and Brunauer, Wolfgang and Vaz, Eric and Nijkamp, Peter},
	year = {2013},
	month = {07},
	date = {2013-07-08},
	journal = {Urban Studies},
	pages = {390--411},
	volume = {51},
	number = {2},
	doi = {10.1177/0042098013492234},
	url = {http://dx.doi.org/10.1177/0042098013492234},
	langid = {en}
}

@online{HDBapp,
  author =    {Housing Development Board},
  title =  {Resale Flat Prices},
  url =    {https://services2.hdb.gov.sg/webapp/BB33RTIS/},
  lastaccessed = {April 15, 2023}
  }
  
@online{Kok21,
  author =    {Jim Meng Kok},
  title =  {Predict the Selling Price of HDB Resale Flats},
  year = 2021,
  month = aug,
  url =    {https://towardsdatascience.com/predict-the-selling-price-of-hdb-resale-flats-50530391a845},
  lastaccessed = {April 15, 2023}
  }
  
@online{Harsh22,
  author =    {Harsh Mahaseth, Mallika A. Sondhi},
  title =  {The Singapore Housing Project: The Key to a Nation’s Success},
  year = 2022,
  month = jun,
  url =    {https://thegeopolitics.com/the-singapore-housing-project-the-key-to-a-nations-success/},
  lastaccessed = {April 15, 2023}
  }

@article{shneiderman,
	title = {The eyes have it: a task by data type taxonomy for information visualizations},
	author = {Shneiderman, B.},
	journal = {Proceedings 1996 IEEE Symposium on Visual Languages},
	doi = {10.1109/vl.1996.545307},
	url = {http://dx.doi.org/10.1109/VL.1996.545307}
}

@article{spdep,
	title = {Comparing implementations of global and local indicators of spatial association},
	author = {Bivand, Roger and Wong, David W. S.},
	year = {2018},
	date = {2018},
	volume = {27},
	doi = {10.1007/s11749-018-0599-x}
}

@article{GWmodel,
	title = {{\textbraceleft}GWmodel{\textbraceright}: An {\textbraceleft}R{\textbraceright} Package for Exploring Spatial Heterogeneity Using Geographically Weighted Models},
	author = {Gollini, Isabella and Lu, Binbin and Charlton, Martin and Brunsdon, Christopher and Harris, Paul},
	year = {2015},
	date = {2015},
	volume = {63},
	doi = {10.18637/jss.v063.i17}
}

@online{colorbrewer,
  author =    {ColorBrewer.org },
  title =  {Colorbrewer: Color Advice for Maps},
  url =    {https://colorbrewer2.org/#type=sequential&scheme=BuGn&n=3},
  lastaccessed = {April 15, 2023}
  }

@article{tmap,
	title = {{\textbraceleft}tmap{\textbraceright}: Thematic Maps in {\textbraceleft}R{\textbraceright}},
	author = {Tennekes, Martijn},
	year = {2018},
	date = {2018},
	volume = {84},
	doi = {10.18637/jss.v084.i06}
}

@article{chunwah2011,
	title = {An Analysis of Spatial Autocorrelation in Hong Kong{\textquoteright}S Housing Market},
	author = {Chun Wah, Li and Siu Kei, Wong and Kwong Wing, Chau},
	year = {2011},
	month = {01},
	date = {2011-01},
	journal = {Pacific Rim Property Research Journal},
	pages = {443--462},
	volume = {17},
	number = {3},
	doi = {10.1080/14445921.2011.11104336},
	url = {http://dx.doi.org/10.1080/14445921.2011.11104336},
	langid = {en}
}

@article{ernst2017,
	title = {Regression assumptions in clinical psychology research practice{\textemdash}a systematic review of common misconceptions},
	author = {Ernst, Anja F. and Albers, Casper J.},
	year = {2017},
	month = {05},
	date = {2017-05-16},
	journal = {PeerJ},
	pages = {e3323},
	volume = {5},
	doi = {10.7717/peerj.3323},
	url = {http://dx.doi.org/10.7717/peerj.3323},
	langid = {en}
}

@online{Aisyah,
  author =    {Nor Aisyah},
  title =  {Take Home Exercise 3},
  year = 2021,
  month = nov,
  url =    {https://aisyahajit2018-is415.netlify.app/posts/2021-11-07-take-home-exercise-3/},
  lastaccessed = {April 15, 2023}
  }

@online{sim23,
  author =    {Megan Sim},
  title =  {Take Home Exercise 3},
  year = 2021,
  month = oct,
  url =    {https://is415-msty.netlify.app/posts/2021-10-25-take-home-exercise-3},
  lastaccessed = {April 15, 2023}
  }